@article{scalena-sarti-etal-2025-steering,
	title = {Steering Large Language Models for Machine Translation Personalization},
	author = {Daniel Scalena and Gabriele Sarti and Arianna Bisazza and Elisabetta Fersini and Malvina Nissim},
	year = 2025,
	journal = {Arxiv Preprint},
	url = {https://arxiv.org/abs/2505.16612}
}