@mastersthesis{sarti-2020-interpreting,
    author = {Sarti, Gabriele},
    institution = {University of Trieste},
    title = {Interpreting Neural Language Models for Linguistic Complexity Assessment},
    year = 2020,
    month = {dec},
    url = {https://gsarti.com/thesis/introduction.html}
}