@article{edman-etal-2024-character,
    author = {Edman, Lukas and Sarti, Gabriele and Toral, Antonio and Noord, Gertjan van and Bisazza, Arianna},
    title = "{Are Character-level Translations Worth the Wait? Comparing ByT5 and mT5 for Machine Translation}",
    journal = {Transactions of the Association for Computational Linguistics},
    volume = {12},
    pages = {392-410},
    year = {2024},
    month = {04},
    issn = {2307-387X},
    doi = {10.1162/tacl_a_00651},
    url = {https://doi.org/10.1162/tacl\_a\_00651},
    eprint = {https://direct.mit.edu/tacl/article-pdf/doi/10.1162/tacl\_a\_00651/2364129/tacl\_a\_00651.pdf},
}