@inproceedings{qi-sarti-etal-2024-model,
    title = "Model Internals-based Answer Attribution for Trustworthy Retrieval-Augmented Generation",
    author = "Qi, Jirui  and
      Sarti, Gabriele  and
      Fern{\'a}ndez, Raquel  and
      Bisazza, Arianna",
    editor = "Al-Onaizan, Yaser  and
      Bansal, Mohit  and
      Chen, Yun-Nung",
    booktitle = "Proceedings of the 2024 Conference on Empirical Methods in Natural Language Processing",
    month = nov,
    year = "2024",
    address = "Miami, Florida, USA",
    publisher = "Association for Computational Linguistics",
    url = "https://aclanthology.org/2024.emnlp-main.347",
    doi = "10.18653/v1/2024.emnlp-main.347",
    pages = "6037--6053",
}