@inproceedings{sarti-etal-2024-verbis,
    author = "Sarti, Gabriele and Caselli, Tommaso and Nissim, Malvina and Bisazza, Arianna",
    title = "Non Verbis, Sed Rebus: Large Language Models are Weak Solvers of Italian Rebuses",
    editor = "Dell'Orletta, Felice and Lenci, Alessandro and Montemagni, Simonetta and Sprugnoli, Rachele",
    booktitle = "Proceedings of the 10th Italian Conference on Computational Linguistics",
    series = "CEUR Workshop Proceedings",
    publisher = "CEUR-WS.org",
    year = "2024",
    url = "https://ceur-ws.org/Vol-3878/96_main_long.pdf",
    address = "Pisa, Italy",
    month = dec
}

@inproceedings{sarti-etal-2024-eurekarebus,
    author = "Sarti, Gabriele and Caselli, Tommaso and Bisazza, Arianna and Nissim, Malvina",
    title = "EurekaRebus - Verbalized Rebus Solving with LLMs: A CALAMITA Challenge",
    editor = "Dell'Orletta, Felice and Lenci, Alessandro and Montemagni, Simonetta and Sprugnoli, Rachele",
    booktitle = "Proceedings of the 10th Italian Conference on Computational Linguistics: CALAMITA Challenge",
    series = "CEUR Workshop Proceedings",
    publisher = "CEUR-WS.org",
    year = "2024",
    url = "https://ceur-ws.org/Vol-3878/132_calamita_long.pdf",
    address = "Pisa, Italy",
    month = dec
}