@misc{sarti-etal-2024-qe4pe,
      title={{QE4PE}: Word-level Quality Estimation for Human Post-Editing}, 
      author={Gabriele Sarti and Vilém Zouhar and Grzegorz Chrupała and Ana Guerberof-Arenas and Malvina Nissim and Arianna Bisazza},
      year={2025},
      eprint={2503.03044},
      archivePrefix={arXiv},
      primaryClass={cs.CL},
      url={https://arxiv.org/abs/2503.03044}, 
}