@article{ferrando-etal-2024-primer,
  author = {Javier Ferrando and Gabriele Sarti and Arianna Bisazza and Marta R. Costa-juss√†},
  title = {A Primer on the Inner Workings of Transformer-based Language Models},
  year  = {2024},
  journal = {Arxiv Preprint},
  volume = {abs/2405.00208},
  url = {https://arxiv.org/abs/2405.00208},
}