@inproceedings{pannitto-etal-2021-teaching,
    title = "Teaching {NLP} with Bracelets and Restaurant Menus: An Interactive Workshop for {I}talian Students",
    author = "Pannitto, Ludovica  and
      Busso, Lucia  and
      Combei, Claudia Roberta  and
      Messina, Lucio  and
      Miaschi, Alessio  and
      Sarti, Gabriele  and
      Nissim, Malvina",
    booktitle = "Proceedings of the Fifth Workshop on Teaching NLP",
    month = jun,
    year = "2021",
    address = "Online",
    publisher = "Association for Computational Linguistics",
    url = "https://aclanthology.org/2021.teachingnlp-1.26",
    doi = "10.18653/v1/2021.teachingnlp-1.26",
    pages = "160--170",
}
