@misc{sarti-etal-2025-unsupervised,
      title={Unsupervised Word-level Quality Estimation for Machine Translation Through the Lens of Annotators (Dis)agreement}, 
      author={Gabriele Sarti and Vil√©m Zouhar and Malvina Nissim and Arianna Bisazza},
      year={2025},
      eprint={2505.23183},
      archivePrefix={arXiv},
      primaryClass={cs.CL},
      url={https://arxiv.org/abs/2505.23183}, 
}