@article{carbone-sarti-2020-etcnlg,
  title     = "{ETC-NLG}: End-to-end topic-conditioned natural language generation",
  author    = "Carbone, Ginevra and Sarti, Gabriele",
  journal   = "Italian Journal of Computational Linguistics (IJCoL)",
  publisher = "OpenEdition",
  volume    =  6,
  number    =  2,
  pages     = "61--77",
  month     =  dec,
  year      =  2020,
  url       = "http://journals.openedition.org/ijcol/728",
  issn      = "2499-4553",
  doi       = "10.4000/ijcol.728"
}