@inproceedings{sarti-etal-2023-inseq,
    title = "Inseq: An Interpretability Toolkit for Sequence Generation Models",
    author = "Sarti, Gabriele  and
      Feldhus, Nils  and
      Sickert, Ludwig  and
      van der Wal, Oskar",
    booktitle = "Proceedings of the 61st Annual Meeting of the Association for Computational Linguistics (Volume 3: System Demonstrations)",
    month = jul,
    year = "2023",
    address = "Toronto, Canada",
    publisher = "Association for Computational Linguistics",
    url = "https://aclanthology.org/2023.acl-demo.40",
    pages = "421--435",
}

@inproceedings{sarti-etal-2024-democratizing,
    title = "Democratizing Advanced Attribution Analyses of Generative Language Models with the Inseq Toolkit",
    author = "Sarti, Gabriele  and
        Feldhus, Nils  and
        Qi, Jirui  and
        Nissim, Malvina and
        Bisazza, Arianna",
    booktitle = "xAI-2024 Late-breaking Work, Demos and Doctoral Consortium Joint Proceedings",
    month = jul,
    year = "2024",
    address = "Valletta, Malta",
    publisher = "CEUR.org",
    url = "https://ceur-ws.org/Vol-3793/paper_37.pdf",
    pages = "289--296",
}