@inproceedings{sarti-etal-2023-ramp,
    title = "{RAMP}: Retrieval and Attribute-Marking Enhanced Prompting for Attribute-Controlled Translation",
    author = "Sarti, Gabriele  and
      Htut, Phu Mon  and
      Niu, Xing  and
      Hsu, Benjamin  and
      Currey, Anna  and
      Dinu, Georgiana  and
      Nadejde, Maria",
    booktitle = "Proceedings of the 61st Annual Meeting of the Association for Computational Linguistics (Volume 2: Short Papers)",
    month = jul,
    year = "2023",
    address = "Toronto, Canada",
    publisher = "Association for Computational Linguistics",
    url = "https://aclanthology.org/2023.acl-short.126",
    pages = "1476--1490",
}
