@inproceedings{sarti-2020-umbertomtsa,
    author = {Sarti, Gabriele},
    title = {{UmBERTo-MTSA @ AcCompl-It}: Improving Complexity and Acceptability Prediction with Multi-task Learning on Self-Supervised Annotations},
    booktitle = {Proceedings of Seventh Evaluation Campaign of Natural Language Processing and Speech Tools for Italian. Final Workshop (EVALITA 2020)},
    editor = {Basile, Valerio and Croce, Danilo and Di Maro, Maria, and Passaro, Lucia C.},
    publisher = {CEUR.org},
    year = {2020},
    address = {Online}
} 