@inproceedings{sarti-etal-2021-looks,
    title = "That Looks Hard: Characterizing Linguistic Complexity in Humans and Language Models",
    author = "Sarti, Gabriele  and
      Brunato, Dominique  and
      Dell{'}Orletta, Felice",
    booktitle = "Proceedings of the Workshop on Cognitive Modeling and Computational Linguistics",
    month = jun,
    year = "2021",
    address = "Online",
    publisher = "Association for Computational Linguistics",
    url = "https://aclanthology.org/2021.cmcl-1.5",
    doi = "10.18653/v1/2021.cmcl-1.5",
    pages = "48--60",
}
