@article{scalena-etal-2024-dac,
    title = "Multi-property Steering of Large Language Models with Dynamic Activation Composition",
    author = "Scalena, Daniel and Sarti, Gabriele and Nissim, Malvina",
    journal = "ArXiv",
    month = jun,
    year = "2024",
    volume = {abs/2406.17563},
    url = {https://arxiv.org/abs/2406.17563},
}