@inproceedings{sarti-etal-2023-quantifying,
    title = "Quantifying the Plausibility of Context Reliance in Neural Machine Translation",
    author = "Sarti, Gabriele and 
        Chrupa{\l}a, Grzegorz and 
        Nissim, Malvina and
        Bisazza, Arianna",
    booktitle = "The Twelfth International Conference on Learning Representations (ICLR 2024)",
    month = may,
    year = "2024",
    address = "Vienna, Austria",
    publisher = "OpenReview",
    url = "https://openreview.net/forum?id=XTHfNGI3zT"
}