@article{bianchi-etal-2021-contrastive,
  author = {Bianchi, Federico and Attanasio, Giuseppe and Pisoni, Raphael and Terragni, Silvia and Sarti, Gabriele and Lakshmi, Sri},
  title = {Contrastive Language-Image Pre-training for the Italian Language},
  date  = {2021},
  journal = {Arxiv Preprint},
  volume = {abs/2108.08688v1},
  url = {https://arxiv.org/abs/2108.08688v1},
} 