@inproceedings{miaschi-etal-2021-italian,
    author = {Miaschi, Alessio and Sarti, Gabriele and Brunato, Dominique and Dell'Orletta, Felice and Venturi, Giulia},
    title = {Italian Transformers Under the Linguistic Lens},
    booktitle = {Proceedings of the Seventh Italian Conference on Computational Linguistics (CLiC-it 2020)},
    editor = {Monti, Johanna and Dell'Orletta, Felice and Tamburini, Fabio},
    publisher = {CEUR.org},
    year = {2020},
    address = {Online},
    month = {dec},
    url = {http://ceur-ws.org/Vol-2769/paper_56.pdf}
}

@article{miaschi-etal-2022-probing,
  title     = "Probing Linguistic Knowledge in Italian Neural Language Models across Language Varieties",
  author    = "Miaschi, Alessio and Sarti, Gabriele and Brunato, Dominique and Dell'Orletta, Felice and Venturi, Giulia",
  journal   = "Italian Journal of Computational Linguistics (IJCoL)",
  publisher = "OpenEdition",
  volume    =  8,
  number    =  1,
  pages     = "25--44",
  month     =  jul,
  year      =  2022,
  url       = "https://journals.openedition.org/ijcol/965",
  issn      = "2499-4553",
  doi       = "10.4000/ijcol.965"
}